2094 3320
516 88 537 126 15
865 89 899 117 xn
908 90 927 117 10

125 213 267 264 terminabis
288 220 384 273 gentes;
411 214 509 261 somnia
528 215 590 261 caeli
606 215 757 260 firmamenta
775 213 840 260 orbis
855 214 926 272 facta

125 303 152 340 ut
178 298 283 350 prouata
306 306 319 334 a
342 291 389 334 deo
416 298 440 334 et
465 290 510 335 sub
537 290 602 335 nullo
630 293 745 336 dexterae
772 291 834 337 illius
860 300 924 338 sunt.

126 368 279 418 10Facientes
294 367 376 425 itaque
389 372 413 410 et
425 374 622 412 consummantes
635 368 750 412 mandata
763 369 802 412 dei
814 375 925 413 crescunt

124 455 150 492 et
157 446 247 491 bonam
255 444 319 488 uiam
328 444 439 502 exigunu
451 462 467 489 ιν
475 458 531 488 nam
542 444 699 502 peccantibus
709 454 733 489 et
741 444 924 505 neglegentibus

125 522 240 568 mandata
253 535 333 565 carere
345 520 442 574 bonam,
457 535 519 579 quae
532 521 655 578 praedicta
667 530 730 568 sunt.
749 521 781 566 Et
793 522 940 580 punientium

123 616 139 645 a
148 597 264 657 gentibus
276 595 357 641 multis
374 597 511 651 tormentis3
531 612 621 651 ronam,
641 598 665 641 in
682 605 761 642 totum
779 600 923 644 exterminet

124 683 148 721 et
161 673 279 732 relinquat
290 689 340 729 eos,
353 674 403 718 fieri
416 689 464 719 non
478 681 566 732 potest.
602 693 620 721 νυ
629 673 712 719 Exiuit
724 676 788 720 enim
801 676 868 730 deus,
882 676 923 735 qui

124 751 243 812 praeuidit
256 752 337 795 omnia
349 752 373 795 in
389 749 486 795 saecula
503 758 527 794 et
545 750 676 796 stabilitum
696 759 733 796 est
750 759 923 797 testamentum

123 827 191 880 illius,
211 834 235 870 et
253 827 411 879 iureiurando,
432 827 498 886 quod
519 863 622 873 .....

190 1025 201 1049 2
216 1020 238 1050 ut
252 1015 298 1050 read
314 1021 333 1050 et
340 1013 372 1062 (³)
394 1015 448 1050 nullo
463 1015 506 1050 read
523 1015 600 1052 annulo.
662 1026 674 1062 4
689 1016 760 1051 bonam
775 1016 828 1051 uiam
842 1017 922 1062 exigunt

124 1078 287 1116 :economum
343 1085 432 1123 5carere
443 1077 490 1112 read
500 1083 569 1115 carent.
591 1078 661 1113 bonam
671 1078 717 1114 read
727 1079 785 1117 bona.
841 1077 922 1114 cester

123 1154 166 1177 nam
182 1146 203 1175 ut
217 1141 234 1175 is
248 1141 331 1188 perhaps
346 1147 366 1176 to
381 1141 406 1176 be
419 1141 512 1178 insertel.

189 1567 279 1605 Clemens
289 1567 441 1616 Alexandrinus,
455 1568 543 1605 adumbn
553 1568 573 1604 in
584 1569 639 1616 epist.
650 1569 721 1606 Iudae:
739 1569 822 1613 eratrdo
832 1568 922 1603 libauit

121 1633 260 1679 archangelus
279 1644 322 1667 cum
341 1633 419 1667 diabolo
437 1634 543 1680 disputans
560 1634 698 1668 altercabatur
713 1635 737 1668 de
751 1639 832 1679 corpore
846 1633 919 1680 llffaysz'.

122 1697 162 1732 Hic
177 1695 279 1732 confirmat
293 1697 446 1743 assumptionem
461 1696 534 1743 Moysi.

190 1760 291 1806 Origenes,
306 1760 330 1795 de
343 1760 405 1807 princ.
420 1761 456 1808 ΠΙ,
467 1769 486 1808 2,
499 1769 518 1797 1:
532 1761 558 1795 Et
567 1761 629 1808 primo
640 1759 716 1806 quidem
726 1761 746 1795 in
757 1759 831 1796 Genesi
840 1771 919 1807 serpens

121 1826 184 1859 Euam
208 1822 310 1858 seduxisse
333 1822 454 1872 describitur,
477 1823 501 1858 de
523 1835 562 1870 quo
583 1824 603 1859 in
625 1823 753 1858 adscensione
774 1822 842 1870 Musis7
865 1823 919 1858 cuius

121 1887 186 1922 libelli
200 1886 288 1922 meminit
303 1886 323 1920 in
338 1886 420 1933 epistola
434 1898 469 1922 sua
484 1885 584 1933 apostolus
599 1887 666 1933 Iudas,
687 1885 773 1922 Michael
791 1885 919 1932 archangelus

121 1962 166 1985 cum
187 1948 267 1985 diabolo
288 1949 388 1996 disputans
405 1950 430 1985 de
447 1961 524 1996 corpore
543 1950 604 1985 Mosis
625 1949 651 1985 ait
671 1961 681 1984 a
701 1949 782 1985 diabolo
803 1949 919 1996 inspiratum

122 2018 230 2060 serpentem
245 2023 321 2048 causam
337 2012 433 2048 exstitisse
447 2013 617 2060 praevaricationis
632 2013 689 2047 Adae
705 2018 724 2048 et
737 2014 799 2049 Euae.

187 2076 284 2122 Didymus
298 2075 451 2123 Alexandrinus,
472 2076 493 2111 in
511 2076 567 2123 epist.
586 2077 648 2112 Iudae
667 2077 772 2114 enarratio:
794 2081 861 2112 natura
878 2089 918 2112 nou

121 2140 184 2175 malus
196 2144 224 2175 est
235 2127 351 2188 (diabolus),
367 2141 466 2186 quomodo
476 2151 513 2175 nec
522 2139 569 2189 ipse,
584 2140 617 2189 qui
630 2144 709 2176 cunctos
723 2140 842 2186 malignitate
858 2144 918 2175 trans-

121 2203 203 2251 scendit‚
213 2203 325 2239 huiusmodi
333 2207 369 2251 est,
379 2202 425 2238 licet
433 2203 538 2238 aduersarii
545 2203 602 2239 huius
611 2202 778 2250 contemplationis
785 2202 919 2251 praescribunt

120 2266 218 2312 praesenti
233 2265 328 2313 epistolae
343 2272 362 2301 et
375 2266 471 2313 Moyseos
486 2267 615 2313 assumptioni
631 2271 711 2314 propter
731 2279 776 2302 enm
785 2266 862 2315 locum,
884 2267 918 2302 ubi

122 2329 239 2375 significatur
249 2330 328 2365 uerbum
336 2329 455 2376 Archangeli
465 2330 489 2364 de
498 2341 581 2376 corpore
589 2331 683 2377 Moyseos
694 2330 719 2365 ad
729 2329 828 2365 diabolum
838 2330 917 2367 factum.

187 2392 277 2428 Gelasius
297 2393 412 2442 Cyzicenus,
433 2405 501 2430 comm.
521 2398 557 2429 act.
577 2405 631 2430 conc.
649 2393 692 2430 Nic.
707 2394 733 2440 H,
746 2392 779 2430 18:
801 2392 917 2441 (ἀπόκρισις

119 2458 163 2492 τῶν
181 2453 248 2501 ἁγίων
265 2455 363 2504 πατέρων
384 2457 427 2493 τῶν
448 2455 568 2494 ἐπισκόπων
586 2456 619 2494 διὰ
634 2454 732 2502 {erector
749 2459 787 2494 τοῦ
802 2455 916 2504 Παμφίλου

121 2518 236 2556 ἐπισκόπου
248 2517 358 2566 Καισαρίας
367 2518 507 2567 Παλεστίνης)
519 2549 522 2557 .
535 2548 538 2557 .
550 2548 554 2557 .
584 2519 673 2564 Μέλλων
687 2519 698 2557 ὁ
713 2519 827 2568 προφήτης
838 2519 917 2566 Μωσῆς

120 2581 194 2620 ἐξιέναι
214 2582 252 2623 τὸν
275 2582 325 2631 βίον,
348 2582 377 2627 ὡς
397 2583 513 2631 γέγραπται
532 2582 554 2620 έν
574 2582 635 2631 βίβλῳ
656 2582 790 2630 Ἀναλῆψεως
808 2582 917 2630 Μωυσέως

120 2645 317 2693 προσκαλεσάμενος
331 2645 416 2695 Ἰησοῦν,
437 2646 483 2685 υἱὸν
499 2647 558 2694 Ναυῆ
575 2648 609 2685 καὶ
624 2647 770 2694 διαλεγόμενος
785 2647 837 2695 πρὸς
852 2648 917 2686 αὐτὸν

119 2709 170 2757 έφη·
192 2711 226 2747 καὶ
243 2710 388 2758 προεθεάσοιτό
407 2723 431 2757 με
445 2711 457 2749 ὁ
472 2711 519 2756 θεὸς
536 2711 577 2759 πρὸ
595 2712 712 2758 καταβολῆς
730 2711 809 2758 κόσμου
825 2710 877 2749 εἶναί
892 2723 916 2758 με

119 2775 157 2820 τῆς
171 2772 272 2823 διαθήκης
285 2775 350 2813 αὐτοῦ
366 2773 458 2823 μεσίτην.

185 2838 231 2876 ibid.
248 2848 282 2877 20:
305 2839 462 2888 (ἀνταπόκρισις
479 2841 523 2876 τῶν
540 2839 638 2888 πατέρων
658 2838 692 2877 διὰ
705 2839 860 2888 Πρωτογένους
875 2839 917 2877 έπι-

119 2901 200 2940 σκόπου
211 2902 321 2953 Σαροικῆς)
337 2933 341 2941 .
356 2932 360 2941 .
377 2933 381 2941 .
409 2903 432 2942 έν
447 2902 510 2953 βίβλῳ
525 2904 548 2941 δέ
562 2903 694 2950 Ἀναλήψεως
709 2902 819 2948 Μωυσέως
834 2903 917 2951 Μιχαὴλ
