2035 3354
563 120 585 149 lb

171 249 325 297 όάρχάγγελος
340 247 486 295 διαλεγόμενος
500 251 531 297 τῷ
547 248 637 297 διαβόλῳ
652 247 716 294 λέγει’
737 246 779 285 ἀπό
798 246 837 295 γὰρ
852 248 974 295 πνεύματος
1006 292 1008 294 ,

172 311 231 358 ἁγίου
248 311 313 349 αὐτοῦ
328 311 406 356 πάντες
421 310 557 359 ἑκτίσθημεν*
579 313 613 349 καὶ
631 311 693 349 πόλιν
710 311 774 357 λέγει·
797 310 838 348 ἀπό
853 311 973 358 προσώπου

171 379 209 413 τοῦ
225 376 274 413 Θεοῦ
290 374 362 421 ἐξῆλθε
377 375 401 412 τό
417 377 498 422 πνεῦμα
514 375 579 412 αὐτοῦ
594 376 627 412 καὶ
643 375 654 412 ό
669 373 747 422 κόσμος
762 374 851 421 ἐγένετο.

236 439 296 477 ibid,:
318 438 435 486 (ἀπόκρισις
451 441 489 476 τοῦ
505 438 625 487 φιλοσόφου
641 438 694 487 πρός
708 438 758 483 τοὺς
772 436 845 484 ἁγίους
858 437 920 486 ήμῶν
934 449 971 476 πα-

170 501 240 551 τέρας)
255 503 303 551 περὶ
318 503 340 540 δὲ
354 505 392 550 τής
406 501 506 550 ῥηθείσης
521 501 657 551 Ἀνολήψεως
671 502 772 550 Μωσέως,
794 503 841 550 περὶ
855 501 880 550 ἧς
895 501 971 550 ἀρτίοις

171 564 274 615 εἰρήκατε,
288 565 338 603 οὐδὲ
353 565 435 614 ἀκήκοα
449 578 501 604 ποτε
516 565 534 603 εἰ
549 567 576 613 μή
591 570 635 604 νῦν.

237 629 331 677 synopsis
354 630 376 664 of
392 630 523 667 Athanasius:
545 630 572 668 τό,
591 630 613 668 δὲ
634 630 747 677 ἀπόκρυφοι
762 658 766 667 .
784 660 788 668 .
804 658 808 667 .
823 632 861 677 τῆς
882 630 974 675 παλαιᾶς

167 692 272 741 ,διαθήκης
286 697 363 731 ταῦτα’
380 721 383 728 .
400 722 404 730 .
421 722 424 730 .
440 693 553 741 Ἀνόιληψις
567 692 683 740 Μωυσέως.

238 756 346 802 catalogue
361 757 384 792 of
396 757 429 792 the
445 757 495 805 sixty
510 757 609 793 canonical
623 758 698 794 books:
713 757 752 794 ὅσα
767 756 890 805 ἀπόκρυφοι·

239 849 242 857 ,
259 849 262 857 .
278 848 282 857 .
297 819 411 867 Ἀυόλήψις
427 820 527 865 Μωσέως.

238 883 367 930 Stichometry
385 884 405 918 of
419 883 555 930 Nicephorus:
577 883 617 920 ὅσα
636 882 749 931 ἀπόκρυφα
765 886 804 931 τῆς
818 885 907 928 παλαιᾶς
921 883 973 929 (δια-

172 945 243 994 θήκης.
259 946 292 983 καὶ
307 946 319 993 ἡ
334 946 419 984 τούτων
435 945 568 993 στιχομετρία
583 946 667 991 οὕτως).

238 1039 262 1047 ..
281 1039 285 1047 .
308 1008 414 1057 Αυόληφις
429 1009 547 1055 Μωυσέως·
563 1008 629 1056 στίχοι
645 1008 689 1056 ,αυῖ
