2094 3320
491 147 500 186 5
862 149 897 177 na

99 280 164 328 orbis
185 284 311 328 terrarum;
338 271 461 318 nCreauit
479 273 542 318 enim
560 273 644 318 orbem
662 281 778 318 terrarum
797 280 898 333 propter

101 358 195 420 plebem
208 365 276 397 suam
295 357 345 398 raet
357 366 407 395 non
421 352 503 410 coepit
520 366 574 396 eam
592 351 756 410 inceptionem
774 341 897 396 creaturae

62 421 64 423 ¹
104 441 106 493 t
126 442 148 479 et
166 431 197 475 ab
218 428 285 472 initio
308 427 373 472 orbis
398 434 513 472 terrarum
536 427 616 486 palam
640 428 724 483 facere,
748 434 775 473 ut
795 429 820 473 in
842 417 933 489 eamffsl

99 518 184 571 gentes
209 510 340 563 arguantur
365 512 389 548 et
407 503 533 549 humiliter
557 506 618 549 inter
642 520 669 549 se
690 505 896 563 disputationibus

100 591 201 646 arguant
218 597 251 627 se.
288 580 398 639 ultaque
416 581 566 640 excogitauit
583 588 608 625 et
625 581 716 626 inuenit
733 596 779 635 me,
806 581 847 639 qui
865 580 912 624 aba

101 663 166 709 initio
191 658 256 703 orbis
281 665 396 701 terrarum
421 664 579 715 praeparatus
601 672 661 711 sum,
687 667 714 701 ut
738 657 783 702 sim
808 657 897 701 arbiter

101 734 238 783 testamenti
255 731 324 779 illius.
360 732 419 780 15Et
436 741 492 778 tunc
511 733 592 792 palam
611 733 673 778 facio
691 733 742 788 tibi,
768 733 824 792 quia
842 748 897 777 con-

99 819 244 860 summatum
267 817 303 854 est
323 816 419 869 tempus
442 825 558 855 annorum
580 811 644 855 uitae
666 825 735 855 meae
749 808 781 854 'et
805 809 896 854 transio

101 893 124 936 in
137 887 306 934 dormitionem
319 892 414 944 patrum
427 901 537 931 meorum
550 894 574 931 et
586 886 667 944 palam
680 902 778 931 ornnem
790 885 895 945 plebem.

101 988 119 1014 aa
129 999 268 1012 ..........
282 970 363 1008 autem
382 964 480 1022 percipe
492 964 635 1009 scribturam
648 964 710 1009 hanc
723 965 755 1008 ad
767 977 896 1022 recognos-
905 975 924 1006 ro

53 1081 55 1085 a
98 1044 201 1088 cendam
222 1040 366 1085 tutationem
387 1038 509 1095 librorum,
536 1055 597 1099 quos
618 1040 662 1085 tibi
680 1042 781 1094 tradam,
807 1053 896 1098 nquos

99 1117 222 1164 ordinabis
244 1123 268 1161 et
289 1115 426 1161 chedriabis
449 1124 473 1161 et
493 1116 591 1175 reponis
612 1118 636 1161 in
660 1117 723 1161 uasis
742 1115 854 1161 fictilibus
872 1115 897 1160 in

100 1196 160 1248 loco,
186 1208 259 1252 quem
279 1192 336 1237 fecit
357 1193 388 1237 ab
409 1193 477 1237 initio
496 1200 619 1237 creaturae
637 1193 702 1237 orbis
721 1200 844 1246 terrarum,
870 1198 897 1235 ut

99 1272 224 1316 inuocetur
248 1284 338 1314 nomen
363 1267 424 1314 illius
449 1284 526 1328 usque
551 1270 576 1314 in
601 1270 665 1314 diem
689 1268 851 1328 paenitentiae
872 1267 896 1312 in

101 1354 216 1406 respectu,
243 1360 291 1406 quo
314 1346 411 1405 respicit
433 1344 486 1391 illos
507 1346 620 1392 dominus
641 1347 665 1391 in
687 1346 897 1391 consummatione
905 1360 923 1390 15

99 1425 178 1468 exitus
196 1424 296 1469 dierum.

165 1511 186 1546 Π
206 1534 367 1546 .........
389 1500 513 1545 intrabunt
537 1516 580 1559 per
604 1507 628 1545 te
652 1501 676 1544 in
702 1507 796 1553 terram,
824 1514 896 1557 qnam

100 1577 206 1621 decreuit
217 1583 242 1620 et
253 1577 365 1635 promisit
377 1578 435 1622 dare
448 1577 557 1636 patribus
570 1592 660 1632 eorum,
675 1576 714 1623 rin
727 1583 813 1636 quatu
826 1576 897 1620 bene·

100 1653 159 1696 dicis
180 1660 203 1696 et
224 1652 446 1712 dabis'unicuique
468 1660 493 1697 et
515 1652 633 1698 stabilibis
655 1654 689 1698 eis
707 1660 797 1697 sortem
815 1652 839 1696 in
859 1666 897 1695 me

56 1745 57 1748 ¹
99 1736 124 1772 et
136 1727 301 1774 constabilibis
314 1729 348 1774 eis
360 1744 461 1788 regnum
475 1737 499 1774 et
510 1730 649 1790 magisteria
661 1729 778 1787 locolrum
791 1729 897 1773 dimittes
905 1745 924 1773 ao

100 1803 151 1859 illis,
176 1821 245 1850 secus
267 1806 334 1865 quod
356 1806 464 1865 placebit
486 1808 585 1852 domino
607 1821 691 1852 eorum
714 1807 739 1851 in
761 1806 850 1851 iudicio
873 1791 934 1862 εἴξῃ,

100 1881 195 1928 iustitia.
219 1900 238 1928 3.
254 1920 258 1930 .
272 1920 277 1929 .
291 1920 295 1928 .
310 1890 397 1939 autem,
411 1890 542 1944 postquam
555 1884 678 1929 intrabunt
690 1884 714 1929 in
727 1891 814 1928 terram
828 1896 896 1926 suam

99 1972 176 2003 anuos
199 1996 298 2007 ......
322 1968 347 2005 et
371 1968 458 2019 postea
480 1961 644 2006 dominabitur
667 1976 681 2005 a
702 1960 852 2019 principibus
873 1967 897 2002 et

100 2035 207 2089 tyrannis
224 2051 268 2094 per
286 2051 363 2081 annos
381 2037 439 2081 Xuiii
457 2044 481 2080 et
496 2037 563 2081 xuiiii
576 2051 653 2081 annos
666 2036 812 2094 abrumpent
823 2034 858 2078 tib
872 2050 895 2087 x,

179 2267 189 2291 2
204 2258 283 2305 plebem
298 2260 345 2295 read
359 2260 430 2306 legem.
487 2271 497 2306 3
514 2272 629 2298 eanrzea
685 2259 696 2295 6
712 2261 736 2296 ci.
751 2259 792 2296 Gal,
808 2268 826 2304 3,
840 2268 869 2302 19.

101 2322 112 2359 ‘l
127 2322 171 2353 tunc
188 2322 235 2356 read
254 2334 312 2360 nunc.
396 2332 419 2358 10
434 2326 463 2359 As
478 2324 510 2374 the
528 2323 596 2369 length
614 2323 636 2358 of
653 2322 687 2358 the
704 2334 742 2370 gap
761 2322 838 2368 (length
853 2323 875 2357 of
887 2334 898 2357 a
928 2308 930 2311 .

101 2378 141 2415 line
150 2396 172 2412 =
182 2381 206 2419 80
214 2384 261 2433 min)
276 2391 365 2422 amounts
376 2392 395 2423 to
406 2385 430 2432 48
439 2398 483 2429 nnn,
497 2387 513 2423 it
526 2387 542 2422 is
557 2390 592 2423 uot
605 2398 652 2432 very
666 2385 763 2433 probable
777 2385 817 2421 that
830 2385 846 2421 it
856 2398 897 2420 was

101 2442 148 2490 only
161 2444 216 2481 filled
230 2459 256 2494 up
269 2449 296 2495 by
310 2454 340 2497 tn3
355 2451 390 2485 but
400 2450 427 2497 by
437 2449 490 2486 what
500 2450 553 2486 else?
581 2450 623 2485 The
632 2449 678 2485 libri
687 2461 720 2485 are
730 2449 763 2485 the
773 2449 897 2496 pentateuel.

104 2514 125 2538 12
134 2506 286 2548 chedriare=to
296 2514 363 2550 anoint
370 2514 419 2550 with
427 2514 485 2550 cedar
493 2514 524 2551 oil.
539 2516 747 2563 reponiszrepones.
773 2533 774 2536 =
790 2523 812 2558 13
820 2513 898 2560 respicit

100 2572 225 2617 :respiciet
269 2584 292 2622 17
300 2578 333 2613 the
340 2578 409 2624 length
417 2579 439 2614 of
443 2578 477 2614 the
485 2590 521 2625 gap
530 2583 618 2614 amounts
626 2583 646 2613 to
654 2586 678 2622 43
685 2589 723 2612 mm
732 2576 806 2626 (length
814 2577 837 2611 of
842 2590 853 2612 a
859 2577 898 2612 line

100 2632 154 2667 :81
162 2637 216 2685 nnn);
227 2638 244 2675 is
255 2640 269 2676 it
280 2641 398 2690 sufficiently
407 2642 462 2677 filled
472 2654 497 2690 up
509 2642 535 2689 by
543 2646 562 2677 et
569 2642 633 2678 nunc?
690 2640 713 2676 18
723 2641 854 2677 benedicis:
861 2651 897 2678 -es

104 2702 126 2737 19
140 2697 160 2731 in
174 2711 210 2747 me,
224 2703 247 2740 cf.
260 2704 281 2739 Π
291 2706 357 2750 Regu.
369 2714 399 2753 20,
412 2715 429 2743 r.
493 2714 518 2741 20
533 2705 651 2742 dimittes:
661 2704 897 2753 καθήσειςεκαθίσεις.

101 2765 126 2791 22
144 2760 187 2799 Fiet
201 2772 252 2803 must
266 2780 312 2817 very
327 2769 389 2817 likely
401 2771 427 2805 be
441 2770 488 2806 read
504 2771 525 2806 in
544 2770 577 2805 the
591 2769 633 2805 first
647 2781 684 2818 gap
700 2771 721 2805 ot'
734 2772 774 2820 41s'2
789 2770 897 2806 characters

101 2818 134 2865 (22
141 2827 196 2875 rnnr);
205 2828 226 2864 in
233 2831 266 2867 the
274 2834 348 2869 second
356 2834 449 2881 quinque¹
458 2834 482 2873 cf.
489 2835 531 2882 Jos.
543 2843 572 2881 14,
581 2843 610 2871 10.
634 2833 678 2869 The
688 2832 711 2868 18
718 2845 775 2881 years
785 2834 898 2869 afterwards

101 2892 136 2918 cau
147 2889 193 2937 only
207 2891 232 2928 be
246 2896 333 2932 referred
347 2901 367 2932 to
382 2896 415 2932 the
427 2897 497 2945 judges
513 2898 550 2932 and
565 2896 621 2944 hings
636 2897 668 2932 till
682 2896 715 2933 the
731 2897 816 2933 division
831 2898 853 2933 of
865 2898 898 2933 the

100 2942 199 3002 kingdom,
212 2957 251 3003 just
266 2971 286 2995 as
300 2960 334 2996 the
351 2971 373 3007 19
388 2966 441 2998 must
455 2962 481 2997 be
495 2961 580 2998 referred
595 2966 615 2997 to
630 2961 664 2997 the
678 2961 736 3008 kings
751 2961 774 2997 of
785 2963 851 3001 Israel.
