2035 3354
182 142 207 170 IV
214 143 223 170 8
575 133 586 168 8

183 266 322 326 praeposita
334 265 382 310 fide
395 279 444 320 sna,
463 266 544 311 tristes
556 273 580 311 et
592 265 724 327 gementes,
744 268 801 328 quia
814 284 863 314 non
875 276 981 329 poterint

182 343 268 388 referre
278 341 456 405 immolationes
466 344 565 389 domino
576 351 690 402 patruum
697 360 804 392 suorum.
823 345 872 392 nEt
880 363 897 392 x
904 349 981 399 tribus

183 427 291 465 crescent
309 427 333 463 et
351 420 481 465 deuenient
499 422 565 479 apud
583 428 654 466 natos
672 422 696 466 in
714 429 825 482 tempore
842 424 939 471 tribum.

248 507 267 543 V
285 497 316 541 Et
334 513 390 541 cum
408 497 590 557 adpropiabunt
608 506 718 558 tempora
736 500 860 559 arguendi,
885 509 909 545 et
927 505 979 550 uin.

164 573 248 618 adiuta
265 574 341 632 surgit
359 575 390 618 de
411 588 481 633 reges
502 575 634 634 participes
656 575 772 620 scelerum
791 583 833 621 net
853 578 980 635 punientes

166 665 231 695 eos.
275 650 306 695 Et
331 651 378 710 ipsi
403 651 541 696 diuidentur
566 653 597 696 ad
622 652 756 706 ueritatem,
787 659 887 711 propter
913 660 980 714 quod

182 728 272 772 factum
290 727 339 781 fuit,
358 727 519 774 adeuitabunt
536 729 651 773 iustitiam
670 736 695 772 et
712 730 830 773 accedent
848 731 878 773 ad
897 731 980 791 iniqui-

182 811 257 848 tatem
277 812 300 848 et
318 803 520 848 contaminabunt
532 804 728 864 ingenationibus
747 806 846 850 domum
859 808 979 856 seruitutis

182 895 241 924 suae
253 886 277 924 et
290 880 346 940 quia
364 879 518 925 fornicabunt
535 889 593 939 post
611 882 670 926 deos
689 881 787 927 alienos.
823 881 898 926 uNon
916 886 979 931 enim

155 964 312 1016 insequentur
324 958 450 1002 ueritatem
464 958 508 1012 dei,
528 959 572 1003 sed
585 958 683 1017 quidam
697 958 806 1002 altarium
819 958 980 1017 inquinabunt

154 1027 213 1099 {gele
223 1070 304 1081 .....
318 1034 465 1090 muneribus,
482 1050 543 1094 quae
556 1036 675 1094 inponent
687 1036 794 1089 domino,
809 1035 850 1095 qui
863 1050 913 1081 non
925 1046 980 1083 sunt

182 1112 328 1171 sacerdotes7
347 1113 391 1157 sed
404 1112 467 1156 serui
480 1113 511 1156 de
523 1113 598 1157 seruis
616 1112 674 1157 nati.
704 1110 770 1170 5Qui
789 1113 853 1157 enim
871 1113 979 1173 magistri

181 1195 238 1233 sunt
262 1189 375 1233 doctores
402 1204 485 1234 eorum
510 1188 555 1234 illis
583 1189 741 1248 temporibus,
771 1196 842 1234 erunt
866 1190 979 1236 mirantes

182 1280 298 1324 personas
323 1267 483 1325 cupiditatum
509 1273 533 1309 et
558 1267 713 1324 acceptiones
735 1281 860 1310 munerum
882 1273 906 1309 et
928 1281 978 1324 per·

155 1354 173 1383 15
181 1344 288 1388 uendent
306 1343 407 1388 iustitias
421 1343 564 1401 accipiendo
577 1357 677 1401 poenas.
712 1341 762 1388 nEt
774 1343 829 1386 ideo
842 1341 980 1401 implebitur

182 1420 278 1465 colonia
296 1426 320 1465 et
338 1420 392 1465 finis
409 1420 572 1465 habitationes
591 1435 674 1464 eorum
686 1419 816 1464 sceleribus
835 1426 859 1463 et
871 1419 980 1478 iniquita-

181 1497 253 1543 tibus.
289 1497 314 1541 A
332 1497 388 1552 deo7
406 1504 433 1541 ut
445 1497 486 1557 qui
504 1496 567 1552 facit,
587 1504 657 1542 erunt
671 1496 745 1556 impii,
765 1497 856 1541 iudices
874 1503 944 1540 erunt
955 1497 978 1540 in

182 1589 242 1620 eam.
277 1574 334 1618 Post
352 1573 412 1618 fines
430 1573 588 1618 habitationis
610 1572 741 1618 sceleribus
763 1580 787 1618 et
805 1572 978 1631 iniquitatibus.

181 1651 206 1695 A
225 1651 332 1706 domino,
357 1651 398 1709 qui
417 1649 513 1707 faciunt,
538 1657 607 1694 erunt
629 1650 697 1708 impii
718 1649 816 1704 iudices,
842 1650 938 1694 inerunt
955 1649 979 1692 in

154 1736 174 1783 2⁰
182 1741 270 1786 campo
288 1727 395 1771 iudicare
413 1727 538 1785 quomodo
557 1727 674 1784 quisquae
692 1725 766 1772 uolet.

247 1814 276 1849 VI
295 1802 364 1847 Tunc
382 1809 502 1861 exurgent
519 1801 564 1846 illis
582 1816 652 1862 reges
669 1802 817 1861 imperantes
832 1803 893 1846 etin
905 1815 980 1845 sacer—

182 1882 251 1924 dotes
269 1880 357 1924 summi
370 1880 410 1923 dei
422 1878 579 1932 uocabuntur,
600 1878 689 1923 facient
702 1878 817 1923 facientes
830 1877 979 1937 impietatem

181 1955 212 2001 ab
225 1963 310 2001 sancto
323 1955 464 2000 sanctitatis¹
500 1954 549 2001 2Et
561 1955 671 1999 succedit
682 1953 727 1999 illis
740 1969 783 1998 rex
801 1954 920 2013 petulans,
940 1952 980 2010 qui

262 2205 273 2229 2
288 2199 379 2245 patruum
389 2194 436 2230 read
446 2199 528 2243 patrum.
605 2203 616 2239 3
632 2193 684 2241 apud
693 2196 749 2228 natos
759 2192 806 2227 read
817 2192 842 2226 ad
851 2185 979 2235 nationestt).

181 2260 253 2296 tribum
272 2260 319 2295 read
337 2259 467 2295 tribulationis
478 2255 509 2307 ()
587 2266 596 2304 5
618 2258 729 2304 dezper.
805 2257 838 2291 He
859 2265 926 2290 means
948 2251 980 2286 the

180 2323 289 2358 Ptolemies
312 2324 350 2358 aud
367 2323 488 2359 Seleucidae.
577 2322 587 2357 8
605 2322 670 2365 ingen
690 2321 737 2356 read
756 2319 830 2366 inquiu.
918 2325 939 2350 11
956 2312 981 2348 al-

181 2387 258 2433 though
275 2387 342 2423 bel'ore
360 2386 472 2421 muneribus
492 2384 520 2434 (at
538 2385 571 2420 the
589 2385 694 2430 beginning
712 2383 734 2419 os
751 2396 762 2419 a
779 2383 820 2418 line
840 2383 862 2417 ol
877 2381 901 2426 83
909 2390 947 2415 mm
962 2376 984 2411 of

181 2450 259 2499 length)
277 2451 332 2486 there
351 2452 369 2486 is
389 2451 435 2497 only
453 2463 464 2486 a
481 2462 536 2498 space
558 2450 580 2486 os
600 2457 678 2495 mmm,
699 2453 733 2496 yet
754 2453 773 2483 at
794 2448 827 2483 the
848 2445 887 2481 end
908 2444 928 2478 of
948 2440 981 2475 the

180 2515 283 2560 foregoing
297 2515 338 2551 line
352 2514 408 2550 there
423 2526 468 2561 may
482 2515 531 2550 have
546 2515 595 2550 been
610 2525 665 2549 some
680 2513 738 2548 other
751 2512 826 2559 letters,
848 2509 886 2545 aud
899 2505 980 2555 perhaps

181 2590 211 2614 we
226 2578 276 2614 have
291 2584 310 2614 to
326 2579 370 2614 read
384 2578 497 2627 dedecoris3
514 2578 538 2615 cf.
549 2577 596 2614 Mal.
611 2587 626 2625 1⁷
637 2586 654 2622 7.
725 2584 748 2620 14
764 2574 827 2621 cupid.
840 2573 912 2620 cf.Jes.
923 2578 941 2616 9,
952 2575 981 2612 14,

178 2642 298 2690 J0b32‚21.
312 2650 343 2690 34,
354 2650 384 2689 19,
398 2642 419 2676 H
428 2640 494 2678 Paral.
504 2650 561 2689 [9,7,
576 2640 626 2676 Dan.
636 2647 693 2687 9‚z3,
707 2647 736 2680 10,
747 2647 776 2674 11.
790 2646 819 2684 19,
833 2633 941 2678 Ps.sal.2‚
952 2637 980 2671 19.

183 2706 206 2741 16
222 2707 270 2741 from
286 2712 305 2740 et
321 2705 364 2740 finis
379 2705 412 2740 the
427 2716 463 2742 ms.
478 2705 533 2749 gives
549 2716 559 2739 a
574 2702 704 2750 dittography.
732 2701 775 2736 The
794 2699 878 2745 original
896 2699 935 2732 text
948 2702 982 2726 1²11

180 2768 266 2816 perhaps
280 2769 336 2805 thus:
353 2773 371 2803 et
385 2769 398 2805 f,
414 2767 540 2803 habitationis
555 2778 621 2802 eorum
635 2778 662 2802 sc.
677 2770 696 2799 et
709 2764 770 2812 iniqu.
783 2766 803 2798 A
813 2764 851 2798 deo
865 2772 887 2797 or
897 2756 981 2799 domino,

180 2832 214 2880 qui
224 2832 276 2881 facit²
291 2837 346 2868 eruut
355 2832 418 2879 impii,
432 2831 507 2867 iudices
522 2832 600 2866 inerunt
613 2829 633 2864 in
648 2840 690 2865 eam
701 2828 734 2874 (=
743 2827 774 2874 ea)
785 2826 872 2862 iudicare
882 2817 980 2871 quomodo

180 2896 262 2944 quisque
272 2895 333 2933 uolet,
390 2905 412 2930 21
429 2896 462 2930 He
477 2906 544 2930 means
559 2894 592 2930 the
603 2893 727 2929 Maccabees.
784 2900 808 2936 23
820 2883 982 2926 succeditz-et

181 2959 219 2994 aud
231 2960 272 3007 just
287 2972 309 2996 so
324 2961 346 2996 in
359 2959 393 2994 the
408 2959 518 3004 following.
547 2959 579 2994 He
594 2969 661 2993 means
676 2956 748 2991 Herod
762 2954 796 2991 the
811 2955 874 2990 Great.
