2035 3354
143 802 155 832 f·
236 815 246 850 1
259 838 893 850 ..........................

132 842 162 872 n?
914 844 919 853 ·
939 842 944 852 ·
964 845 970 873 τ

169 882 225 940 iqui
244 888 280 925 est
298 881 335 925 bis
354 880 493 925 millesimus
512 888 536 924 et
554 881 762 940 quingentesimus
780 896 857 925 annus
875 897 889 925 a
907 897 972 928 crea—

127 1004 129 1007 ,
169 966 222 1001 tura
233 956 298 1001 orbis
309 963 386 1001 terrae
398 958 481 1015 ulnam
494 971 570 1011 secus,
587 957 663 1017 quiin
676 957 768 1002 oriente
780 964 842 1010 sunt,
857 972 972 1006 numerus

171 1069 195 1078 ..
214 1047 267 1077 mus
286 1039 310 1077 et
328 1069 333 1078 .
348 1068 352 1077 .
368 1071 373 1081 ,
392 1034 455 1090 mus]
476 1040 500 1077 et
518 1069 602 1079 .....
621 1048 674 1078 mus
693 1033 850 1091 profectionis
863 1034 969 1093 Fynicis,

152 1125 240 1156 nicom
263 1109 338 1153 exiuit
358 1108 429 1168 plebs
452 1117 510 1168 post
531 1109 714 1168 profectionem,
743 1125 805 1169 quae
830 1110 904 1155 fiebat
928 1127 973 1170 per

169 1187 293 1244 blosysen,
307 1200 385 1245 usque
397 1185 506 1230 Amman
518 1193 584 1231 trans
597 1186 733 1241 Iordanem,
752 1186 893 1245 uprofetiae,
908 1202 970 1246 quae

170 1262 233 1306 facta
251 1270 288 1307 est
306 1277 320 1305 a
338 1261 443 1320 Moysen
460 1263 484 1306 in
502 1261 563 1307 libro
579 1262 778 1316 Deuteronomio
797 1263 855 1321 equi
873 1266 972 1308 uocauit

170 1341 201 1383 ad
219 1354 245 1384 se
263 1338 351 1400 lesum,
377 1338 451 1383 filium
470 1338 547 1400 Naue,
573 1338 696 1383 hominem
715 1338 846 1398 probatum
864 1340 971 1396 domino,

170 1424 212 1463 rut
230 1416 261 1460 sit
275 1423 412 1460 successor
418 1415 484 1475 plebi
503 1423 527 1460 et
544 1431 616 1460 scene
634 1416 766 1460 testimonii
785 1431 839 1460 cum
858 1416 972 1462 omnibus

143 1478 260 1537 iu'sanetis
272 1491 340 1546 illius,
360 1500 404 1539 sut
417 1500 441 1537 et
457 1493 556 1537 inducat
574 1490 671 1551 plebem
689 1492 713 1536 in
732 1500 820 1537 terram
838 1494 920 1537 datam
939 1508 971 1537 ex

170 1570 246 1614 tribus
269 1584 358 1624 eorum,
385 1577 428 1616 uut
449 1570 518 1614 detur
539 1568 591 1625 illis,
617 1583 661 1627 per
682 1575 854 1614 testamentum
879 1578 903 1614 et
927 1585 970 1628 per

170 1647 341 1702 iusiurandum,
361 1648 427 1706 quod
443 1645 537 1690 loeutus
555 1654 592 1691 est
609 1646 634 1690 in
652 1661 746 1701 scenae,
766 1647 823 1691 dare
842 1646 872 1690 de
890 1646 969 1690 Iesum

170 1723 274 1767 dicendo
296 1723 327 1766 ad
346 1722 426 1767 lesum
444 1722 545 1767 uerbum
563 1722 620 1767 hoc:
647 1741 666 1770 10
675 1730 699 1767 et
716 1723 831 1781 promitte
849 1738 920 1768 secus
938 1723 971 1767 in-

170 1799 286 1843 dustriam
298 1806 366 1843 tuam
379 1801 460 1844 omnia
473 1814 535 1858 quae
547 1800 663 1843 mandata
675 1806 737 1859 sunt,
753 1806 779 1843 ut
792 1799 873 1853 facias,
888 1814 970 1859 quem-

143 1891 161 1918 15
170 1877 303 1920 admodum
316 1876 367 1920 sine
381 1874 524 1935 quaerellam
538 1883 581 1921 est.
615 1895 633 1922 n
642 1875 700 1921 ldeo
713 1876 774 1921 haee
787 1877 845 1922 dicit
857 1876 969 1921 dominus

253 2085 259 2109 1
279 2076 322 2112 The
340 2076 380 2111 first
399 2075 450 2111 lines
471 2088 504 2111 are
524 2076 606 2123 entirely
624 2076 752 2124 obliterated3
773 2077 808 2111 but
820 2076 905 2123 judging
919 2074 968 2109 from

170 2140 203 2175 the
217 2140 320 2184 following
334 2143 372 2175 text
391 2139 397 2174 i
424 2140 441 2175 is
459 2150 506 2186 very
523 2139 583 2186 likely
601 2139 643 2174 that
660 2139 706 2185 they
724 2151 758 2174 ran
777 2138 833 2174 thus:
854 2138 906 2174 liber
926 2149 970 2184 pro-

169 2204 226 2250 [etiae
240 2202 322 2249 Moysis,
344 2203 458 2250 quaefacta
473 2207 503 2238 est
517 2215 567 2238 unno
583 2203 634 2238 vitae
650 2203 692 2239 eius
707 2214 755 2239 emo
771 2207 791 2238 et
804 2214 865 2239 xxmo
889 2202 919 2248 (cf.
935 2201 967 2238 Dt.

170 2275 201 2312 31,
213 2276 230 2301 2.
245 2274 277 2313 34,
289 2270 314 2311 7).
379 2276 389 2299 2
405 2267 429 2303 cf.
443 2266 515 2312 Eupol
530 2267 550 2300 in
565 2266 626 2303 Clem.
641 2266 683 2315 At„
698 2271 764 2303 strom.
779 2267 795 2315 Ι,
806 2277 837 2314 21,
851 2276 894 2314 141,
906 2264 967 2312 Jubil

171 2337 201 2373 5ο,
212 2339 231 2375 4,
243 2330 292 2376 Jos.‚
309 2333 347 2366 ant.
358 2330 443 2376 441143,
456 2339 472 2366 1.
488 2338 519 2376 2ο,
533 2338 562 2376 Ιο,
578 2330 619 2364 nlso
637 2330 673 2367 ty.
689 2331 737 2365 Esra
754 2339 784 2376 10,
794 2337 818 2375 45
828 2342 842 2367 s.
898 2338 909 2374 3
924 2338 968 2362 nam

170 2393 244 2429 :sed
259 2403 315 2427 secus
324 2407 349 2423 =
358 2394 470 2430 secundum.
486 2404 575 2428 numerus
583 2409 608 2424 z
616 2387 713 2429 numeros.
741 2395 771 2428 As
782 2392 821 2428 this
834 2404 890 2428 verse
905 2401 969 2426 seems

170 2462 189 2489 to
200 2455 244 2501 give
254 2459 293 2490 two
309 2455 397 2491 different
412 2456 466 2491 dates
481 2456 510 2490 for
525 2456 558 2491 the
573 2456 632 2491 death
647 2457 669 2492 of
681 2459 750 2492 Moses
766 2457 804 2491 and
819 2468 839 2491 as
855 2455 887 2491 the
901 2452 968 2498 length

170 2517 192 2552 of
210 2517 243 2552 the
261 2516 301 2553 fust
320 2530 357 2566 gap
376 2519 393 2554 is
413 2520 474 2554 about
497 2526 526 2566 15,
548 2518 590 2554 that
610 2520 631 2553 ol
650 2520 682 2555 the
701 2520 776 2555 second
793 2527 823 2568 177
845 2518 886 2554 that
901 2517 924 2553 of
935 2515 969 2551 the

169 2581 222 2616 third
237 2591 262 2624 24
270 2594 315 2629 mm,
337 2594 367 2617 we
382 2583 455 2618 should
470 2583 561 2629 probally
574 2583 620 2618 read
634 2583 689 2620 thus:
712 2595 791 2619 liumus
807 2587 825 2618 et
839 2592 922 2618 occmns
936 2577 967 2625 (cf.

170 2646 219 2682 Gen.
235 2652 252 2691 5,
263 2645 309 2693 gff„
327 2647 392 2694 Apoc.
410 2646 488 2694 17‚1ff.
506 2653 537 2692 25,
549 2645 580 2684 26.
597 2654 629 2690 47,
641 2655 658 2694 9,
677 2648 713 2683 Ex.
731 2656 761 2694 12,
771 2656 803 2695 4ο,
821 2647 855 2682 Dt.
872 2655 888 2691 1,
900 2642 929 2691 3);
950 2644 969 2676 et

169 2721 263 2745 cecernus
284 2709 316 2757 (cl.
329 2709 390 2756 Jubil,
405 2719 437 2757 45,
451 2719 467 2746 1.
481 2711 514 2759 48,
527 2719 543 2757 Ι,
558 2710 592 2747 Dt.
609 2719 624 2756 Ι,
636 2710 662 2758 3),
691 2710 922 2757 lynieiszPhoeniees,
943 2705 966 2741 ch

169 2773 218 2810 Gen.
234 2772 265 2818 46,
339 2774 350 2808 6
366 2774 459 2820 Mosysen
473 2774 519 2808 read
534 2773 623 2821 Moysen¹
693 2773 922 2821 7Moysen=Moyse‚
937 2769 969 2803 for

168 2836 200 2872 the
217 2840 257 2871 rest
275 2837 298 2873 ef.
310 2836 372 2883 Jubil.
387 2848 474 2883 prooem.
566 2845 577 2879 9
593 2848 688 2872 scene:
702 2848 777 2873 scenae.
873 2845 896 2871 10
912 2829 968 2878 ex(?)

169 2901 230 2936 tribus
249 2902 296 2936 read
315 2901 408 2948 patribus,
431 2902 454 2939 ef.
470 2902 503 2939 Dt.
519 2908 622 2948 31,7.21,
695 2910 715 2936 11
733 2901 756 2938 cf.
771 2901 805 2938 Dt.
822 2910 854 2949 31,
871 2899 914 2945 ruf.

170 2974 191 3009 13
208 2964 299 3012 promitte
308 2980 333 2995 Ξ
341 2964 442 3012 ὑπόσχου,
471 2964 587 3012 quaerellam
596 2981 621 2996 =
630 2976 655 3003 ·a.
